@Misc{Bitcoin,
    title = {Bitcoin: A peer-to-peer electronic cash system},
    author = {Nakamoto, Satoshi},
    howpublished = {\url{http://www.cryptovest.co.uk/resources/Bitcoin%20paper%20Original.pdf}},
    year = 2008
}

@Misc{Sample,
    title = {Sample: A SampleSampleSample},
    author = {Goal, Gocchan},
    howpublished = {\url{http://www.cryptovest.co.uk/resources/Bitcoin%20paper%20Original.pdf}},
    year = 2010
}

@Misc{感染症,
    title = {Pythonによる数値計算とシミュレーション},
    author = {小高　知宏},
    year = 2018
}

@Misc{現状,
    title = {新型コロナウイルス感染拡大と流言・トイレットペーパー買いだめ〜報道のあり方を考える〜},
    author = {メディア研究部　福長秀彦},
    howpublished = {\url{https://www.nhk.or.jp/bunken/research/domestic/pdf/20200701_8.pdf}},
    year = 2020
}